<?xml version="1.0" encoding="UTF-8"?>
<collection xmlns:xsi="http://www.w3.org/2001/XMLSchema-instance" xsi:schemaLocation="http://www.loc.gov/MARC21/slim http://www.loc.gov/standards/marcxml/schema/MARC21slim.xsd" xmlns="http://www.loc.gov/MARC21/slim">
<record>
  <leader>00554cam a22001931  4500</leader>
  <controlfield tag="001">3121211</controlfield>
  <controlfield tag="003">NNC</controlfield>
  <controlfield tag="005">20151117185847.0</controlfield>
  <controlfield tag="008">011023s1892    ua            000 0 ara d</controlfield>
  <datafield tag="035" ind1=" " ind2=" ">
    <subfield code="a">(OCoLC)ocm48196585</subfield>
  </datafield>
  <datafield tag="035" ind1=" " ind2=" ">
    <subfield code="9">ATV3429CU</subfield>
  </datafield>
  <datafield tag="035" ind1=" " ind2=" ">
    <subfield code="a">(NNC)3121211</subfield>
  </datafield>
  <datafield tag="040" ind1=" " ind2=" ">
    <subfield code="a">ZCU</subfield>
    <subfield code="c">ZCU</subfield>
  </datafield>
  <datafield tag="099" ind1=" " ind2=" ">
    <subfield code="a">893.7Sa2</subfield>
    <subfield code="a">S</subfield>
  </datafield>
  <datafield tag="100" ind1="0" ind2=" ">
    <subfield code="a">Sayf,</subfield>
    <subfield code="c">King of Yemen,</subfield>
    <subfield code="d">approximately 516-approximately 574.</subfield>
  </datafield>
  <datafield tag="245" ind1="1" ind2="0">
    <subfield code="a">Sīrat faris al-Yaman ...</subfield>
  </datafield>
  <datafield tag="260" ind1=" " ind2=" ">
    <subfield code="a">Cairo :</subfield>
    <subfield code="b">al-Maṭbaʻah al-Khayrīyah,</subfield>
    <subfield code="c">1310 A.H. [1892 A.D.]</subfield>
  </datafield>
  <datafield tag="300" ind1=" " ind2=" ">
    <subfield code="a">17 pts. in 1 v.</subfield>
    <subfield code="c">26 cm.</subfield>
  </datafield>
  <datafield tag="955" ind1=" " ind2=" ">
    <subfield code="b">CU58923420</subfield>
    <subfield code="d">off,glx</subfield>
    <subfield code="e">893.7Sa2 S</subfield>
  </datafield>
</record>
</collection>